% Encoding: UTF-8




@article{orsino2016energy,
	Author = {Orsino, Antonino and Araniti, Giuseppe and Militano, Leonardo and Alonso-Zarate, Jesus and Molinaro, Antonella and Iera, Antonio},
	Date-Added = {2017-03-18 17:17:22 +0000},
	Date-Modified = {2017-03-18 17:17:31 +0000},
	Journal = {Sensors},
	Number = {6},
	Pages = {836},
	Publisher = {Multidisciplinary Digital Publishing Institute},
	Title = {{Energy efficient IoT data collection in smart cities exploiting D2D communications}},
	Volume = {16},
	Year = {2016}}

@article{popescu2015economic,
	Author = {Popescu, Gheorghe H and others},
	Date-Added = {2017-03-18 12:09:30 +0000},
	Date-Modified = {2017-03-18 12:09:40 +0000},
	Journal = {Journal of Self-Governance and Management Economics},
	Number = {2},
	Pages = {86--91},
	Publisher = {Addleton Academic Publishers},
	Title = {The economic value of the Industrial Internet of Things},
	Volume = {3},
	Year = {2015}}

@book{friess2013internet,
	Author = {Friess, Peter},
	Date-Added = {2017-03-18 12:07:43 +0000},
	Date-Modified = {2017-03-18 12:07:43 +0000},
	Publisher = {River Publishers},
	Title = {Internet of things: converging technologies for smart environments and integrated ecosystems},
	Year = {2013}}

@article{jeschke2017industrial,
	Author = {Jeschke, Sabina and Brecher, Christian and Song, Houbing and Rawat, Danda B},
	Date-Added = {2017-03-18 12:07:07 +0000},
	Date-Modified = {2017-03-18 17:35:50 +0000},
	Journal = {Cham, Switzerland: Springer},
	Publisher = {Springer},
	Title = {{Industrial Internet of Things}},
	Year = {2017}}

@misc{bib_sec3_unipi_neuron,
	Author = {{UniPi.technology}},
	Date-Added = {2017-03-18 12:02:46 +0000},
	Date-Modified = {2017-03-18 12:03:22 +0000},
	Howpublished = {http://unipi.technology/product/unipi-neuron-s103/},
	Journal = {[online]},
	Title = {{UniPi Neuron S103}},
	Urldate = {2017-3-16},
	Year = {2003},
	Bdsk-Url-1 = {https://newsroom.accenture.com/industries/utilities/accenture-to-help-thames-water-prove-the-benefits-of-smart-monitoring-capabilities.htm}}

@misc{bib_sec3_specs_wmbus,
	Author = {{EUROPEAN COMMITTEE FOR STANDARDIZATION}},
	Date-Added = {2017-03-18 12:02:03 +0000},
	Date-Modified = {2017-03-18 12:02:45 +0000},
	Howpublished = {http://oldfjarrvarme.unc.se/download/1309/fj},
	Journal = {[online]},
	Title = {{EN 13757-4. Communication systems for meters and remote reading of meters - Part 4: Wireless meter readout (Radio Meter reading for operation in the 868-870 MHz SRD band)}},
	Urldate = {2017-3-16},
	Year = {2003},
	Bdsk-Url-1 = {https://newsroom.accenture.com/industries/utilities/accenture-to-help-thames-water-prove-the-benefits-of-smart-monitoring-capabilities.htm}}

@misc{bib_sec3_device_kamstrup,
	Author = {{Kamstup CR}},
	Date-Added = {2017-03-18 12:01:39 +0000},
	Date-Modified = {2017-03-18 12:01:39 +0000},
	Howpublished = {https://www.kamstrup.com/cs-cz/products-and-solutions/thermal-energy-meters/multical-403},
	Journal = {[online]},
	Title = {{Nejflexibilnej{\v s}i meric na trhu MULTICAL 403}},
	Urldate = {2017-3-16},
	Year = {2016},
	Bdsk-Url-1 = {https://newsroom.accenture.com/industries/utilities/accenture-to-help-thames-water-prove-the-benefits-of-smart-monitoring-capabilities.htm}}

@misc{bib_sec3_specs_oms,
	Author = {{OMS-Group}},
	Date-Added = {2017-03-18 12:01:12 +0000},
	Date-Modified = {2017-03-18 12:01:59 +0000},
	Howpublished = {http://oms-group.org/en/oms-group/about-oms-group/},
	Journal = {[online]},
	Title = {{The Open Metering System specification}},
	Urldate = {2017-3-16},
	Year = {2016},
	Bdsk-Url-1 = {https://newsroom.accenture.com/industries/utilities/accenture-to-help-thames-water-prove-the-benefits-of-smart-monitoring-capabilities.htm}}

@misc{bib_sec3_device_zpa,
	Author = {{ZPA Smart Energy a.s.}},
	Date-Added = {2017-03-18 12:00:37 +0000},
	Date-Modified = {2017-03-18 12:01:10 +0000},
	Howpublished = {https://www.zpa.cz/produkty-a-reseni/elektromery:c1/ze-310:p4.htm},
	Journal = {[online]},
	Title = {{Trifazovy elektromer ZE310}},
	Urldate = {2017-3-16},
	Year = {2016},
	Bdsk-Url-1 = {https://newsroom.accenture.com/industries/utilities/accenture-to-help-thames-water-prove-the-benefits-of-smart-monitoring-capabilities.htm}}

@misc{bib_sec3_device_bonega,
	Author = {{Vodomery BONEGA}},
	Date-Added = {2017-03-18 12:00:10 +0000},
	Date-Modified = {2017-03-18 12:00:34 +0000},
	Howpublished = {http://www.bonega.cz/vodomery/index.htm},
	Journal = {[online]},
	Title = {{Ultra-antimagneticke bytove vodomery s bezdratovym prenosem dat}},
	Urldate = {2017-3-16},
	Year = {2016},
	Bdsk-Url-1 = {https://newsroom.accenture.com/industries/utilities/accenture-to-help-thames-water-prove-the-benefits-of-smart-monitoring-capabilities.htm}}

@misc{bib_sec2_iqrf_modul,
	Author = {{IQRF - Technology for Wireless}},
	Date-Added = {2017-03-18 11:59:37 +0000},
	Date-Modified = {2017-03-18 11:59:37 +0000},
	Howpublished = {http://www.iqrf.org/products/transceivers/tr-72d-wmb},
	Journal = {[online]},
	Title = {{TR-72D-WMB series}},
	Urldate = {2017-3-16},
	Year = {2016},
	Bdsk-Url-1 = {https://newsroom.accenture.com/industries/utilities/accenture-to-help-thames-water-prove-the-benefits-of-smart-monitoring-capabilities.htm}}

@misc{thamesWater,
	Author = {Valahu, AllenDevraj, Justyna},
	Date-Added = {2017-03-18 11:58:18 +0000},
	Date-Modified = {2017-03-18 11:58:18 +0000},
	Journal = {Newsroom.accenture.com},
	Title = {{Accenture to Help Thames Water Prove the Benefits of Smart Monitoring Capabilities | Accenture Newsroom}},
	Url = {https://newsroom.accenture.com/industries/utilities/accenture-to-help-thames-water-prove-the-benefits-of-smart-monitoring-capabilities.htm},
	Urldate = {2017-3-16},
	Year = {2014},
	Bdsk-Url-1 = {https://newsroom.accenture.com/industries/utilities/accenture-to-help-thames-water-prove-the-benefits-of-smart-monitoring-capabilities.htm}}

@inproceedings{orsino2016spectrum,
	Author = {Orsino, Antonino and Condoluci, Massimo and Araniti, Giuseppe},
	Booktitle = {Internet of Things. IoT Infrastructures: Second International Summit, IoT 360$\,^{\circ}$, Revised Selected Papers, Part I},
	Date-Added = {2017-03-18 09:25:54 +0000},
	Date-Modified = {2017-03-18 09:26:14 +0000},
	Organization = {Springer},
	Pages = {167--178},
	Title = {{Spectrum Sharing Approaches for Machine-Type Communications over LTE Heterogeneous Networks}},
	Year = {2016}}

@inproceedings{o2015industrial,
	Author = {O'Halloran, D and Kvochko, E},
	Booktitle = {World Economic Forum},
	Date-Added = {2017-03-18 08:44:42 +0000},
	Date-Modified = {2017-03-18 11:37:24 +0000},
	Pages = {40},
	Title = {{Industrial Internet of Things: Unleashing the Potential of Connected Products and Services}},
	Year = {2015}}

@misc{oxfordEcon,
	Journal = {Oxfordeconomics.com},
	Title = {Copyright Oxford Economics Ltd. Global Industry Databank},
	Url = {https://www.oxfordeconomics.com/forecasts-and-models/industries/data-and-forecasts/global-industry-databank/overview},
	Urldate = {2017-3-16},
	Year = {2017},
	Bdsk-Url-1 = {https://www.oxfordeconomics.com/forecasts-and-models/industries/data-and-forecasts/global-industry-databank/overview}}

@misc{floyer,
	Author = {Floyer, David},
	Journal = {Wikibon.org},
	Title = {Defining And Sizing The Industrial Internet - Wikibon},
	Url = {http://wikibon.org/wiki/v/Defining_and_Sizing_the_Industrial_Internet},
	Urldate = {2017-3-16},
	Year = {2017},
	Bdsk-Url-1 = {http://wikibon.org/wiki/v/Defining_and_Sizing_the_Industrial_Internet}}

@misc{heng,
	Author = {Heng, Stefan},
	Date-Modified = {2017-03-18 11:39:45 +0000},
	Journal = {Deutsche Bank Reserach},
	Title = {{Industry 4.0: Huge potential for value creation waiting to be tapped}},
	Url = {http://www.dbresearch.com/servlet/reweb2.ReWEB?rwsite=DBR_INTERNET_EN-PROD&rwobj=ReDisplay.Start.class&document=PROD0000000000335628},
	Urldate = {2017-3-16},
	Year = {2014},
	Bdsk-Url-1 = {http://www.dbresearch.com/servlet/reweb2.ReWEB?rwsite=DBR_INTERNET_EN-PROD&rwobj=ReDisplay.Start.class&document=PROD0000000000335628}}

@book{operationMaintenance,
	Author = {G. P. Sullivan and R. Pugh and A. P. Melendez and W. D. Hunt},
	Date-Modified = {2017-03-18 11:40:05 +0000},
	Title = {{Operations \& Maintenance Best Practices}},
	Url = {https://www.pdhexpress.com/pdhcourse/pdf/operation_maintenance_best_practices.pdf},
	Year = {2004},
	Bdsk-Url-1 = {https://www.pdhexpress.com/pdhcourse/pdf/operation_maintenance_best_practices.pdf}}

@misc{marrCatter,
	Author = {Marr, Bernard},
	Date-Modified = {2017-03-18 11:42:07 +0000},
	Journal = {Forbes.com},
	Title = {{IoT And Big Data At Caterpillar: How Predictive Maintenance Saves Millions Of Dollars}},
	Url = {https://www.forbes.com/sites/bernardmarr/2017/02/07/iot-and-big-data-at-caterpillar-how-predictive-maintenance-saves-millions-of-dollars/#77fe95f47240},
	Urldate = {2017-3-16},
	Year = {2017},
	Bdsk-Url-1 = {https://www.forbes.com/sites/bernardmarr/2017/02/07/iot-and-big-data-at-caterpillar-how-predictive-maintenance-saves-millions-of-dollars/#77fe95f47240}}

@misc{catterpillar,
	Journal = {Cat.com},
	Title = {Caterpillar Marine Asset Intelligence and Spectec Cooperate to Raise Maintenance Management Efficiency and Cut Costs},
	Url = {http://www.cat.com/en_US/news/engine-press-releases/caterpillar-marine-asset-intelligence-and-spectec-cooperate-to-raise-maintenance-management-efficiency-and-cut-costs.html},
	Urldate = {2017-3-16},
	Year = {2016},
	Bdsk-Url-1 = {http://www.cat.com/en_US/news/engine-press-releases/caterpillar-marine-asset-intelligence-and-spectec-cooperate-to-raise-maintenance-management-efficiency-and-cut-costs.html}}

@misc{bib_sec3_device_weptech,
	Author = {{WEPTECH elektronik GmbH}},
	Date-Modified = {2017-03-18 12:00:05 +0000},
	Howpublished = {https://www.weptech.de/products/oms-humidity-and-temperature-sensor-wep-omsf-868a.html},
	Journal = {[online]},
	Title = {{Wireless M-Bus / OMS Humidity and temperature sensor WEP-OMSF-868A}},
	Urldate = {2017-3-16},
	Year = {2016},
	Bdsk-Url-1 = {https://newsroom.accenture.com/industries/utilities/accenture-to-help-thames-water-prove-the-benefits-of-smart-monitoring-capabilities.htm}}

@book{iiotMcRock,
	Author = {McDonald, Scott Rockley, Withney},
	Date-Modified = {2017-03-18 11:37:13 +0000},
	Institution = {McRock Capital},
	Title = {{The Industrail Internet of Things}},
	Urldate = {2017-3-17},
	Year = {2014}}

@misc{mining,
	Author = {Wilson, James},
	Date-Modified = {2017-03-18 11:45:08 +0000},
	Journal = {Ft.com},
	Title = {{Miners tap into rich seam of `Internet of Things'}},
	Url = {https://www.ft.com/content/854fb212-084b-11e4-9380-00144feab7de},
	Urldate = {2017-3-17},
	Year = {2014},
	Bdsk-Url-1 = {https://www.ft.com/content/854fb212-084b-11e4-9380-00144feab7de}}

@misc{top5,
	Author = {Tracy, Phillip},
	Journal = {RCR Wireless News},
	Title = {Top 5 industrial IoT companies},
	Url = {http://www.rcrwireless.com/20160901/fundamentals/top-industrial-iot-tag31-tag99},
	Urldate = {2017-3-17},
	Year = {2016},
	Bdsk-Url-1 = {http://www.rcrwireless.com/20160901/fundamentals/top-industrial-iot-tag31-tag99}}

@misc{W3C,
	Journal = {W3.org},
	Url = {https://www.w3.org/},
	Urldate = {2017-3-17},
	Year = {2017},
	Bdsk-Url-1 = {https://www.w3.org/}}

@misc{IETF,
	Journal = {Ietf.org},
	Url = {https://www.ietf.org/},
	Urldate = {2017-3-17},
	Year = {2017},
	Bdsk-Url-1 = {https://www.ietf.org/}}

@misc{IEEE,
	Journal = {Ieee.org},
	Url = {https://www.ieee.org/index.html},
	Urldate = {2017-3-17},
	Year = {2017},
	Bdsk-Url-1 = {https://www.ieee.org/index.html}}

@misc{ETSI,
	Journal = {ETSI},
	Url = {http://www.etsi.org/},
	Urldate = {2017-3-17},
	Year = {2017},
	Bdsk-Url-1 = {http://www.etsi.org/}}

@Article{masek2016implementation,
  author    = {Masek, Pavel and Hosek, Jiri and Zeman, Krystof and Stusek, Martin and Kovac, Dominik and Cika, Petr and Masek, Jan and Andreev, Sergey and Kr{\"o}pfl, Franz},
  title     = {{Implementation of true IoT vision: Survey on enabling protocols and hands-on experience}},
  journal   = {International Journal of Distributed Sensor Networks},
  year      = {2016},
  publisher = {SAGE PublicationsSage UK: London, England},
}

@Comment{jabref-meta: databaseType:bibtex;}
